@article{agostinelli2023musiclm,
  title={Musiclm: Generating music from text},
  author={Agostinelli, Andrea and Denk, Timo I and Borsos, Zal{\'a}n and Engel, Jesse and Verzetti, Mauro and Caillon, Antoine and Huang, Qingqing and Jansen, Aren and Roberts, Adam and Tagliasacchi, Marco and others},
  journal={arXiv preprint arXiv:2301.11325},
  year={2023},
  doi={10.48550/arXiv.2301.11325}
}

@article{defossez2022high,
  title={High fidelity neural audio compression},
  author={D{\'e}fossez, Alexandre and Copet, Jade and Synnaeve, Gabriel and Adi, Yossi},
  journal={arXiv preprint arXiv:2210.13438},
  year={2022}
}

@article{copet2023simple,
  title={Simple and Controllable Music Generation},
  author={Copet, Jade and Kreuk, Felix and Gat, Itai and Remez, Tal and Kant, David and Synnaeve, Gabriel and Adi, Yossi and D{\'e}fossez, Alexandre},
  journal={arXiv preprint arXiv:2306.05284},
  year={2023}
}

@article{li2023blip,
  title={Blip-2: Bootstrapping language-image pre-training with frozen image encoders and large language models},
  author={Li, Junnan and Li, Dongxu and Savarese, Silvio and Hoi, Steven},
  journal={arXiv preprint arXiv:2301.12597},
  year={2023}
}

@article{huang2022mulan,
  title={Mulan: A joint embedding of music audio and natural language},
  author={Huang, Qingqing and Jansen, Aren and Lee, Joonseok and Ganti, Ravi and Li, Judith Yue and Ellis, Daniel PW},
  journal={arXiv preprint arXiv:2208.12415},
  year={2022}
}

@article{zeghidour2021soundstream,
  title={Soundstream: An end-to-end neural audio codec},
  author={Zeghidour, Neil and Luebs, Alejandro and Omran, Ahmed and Skoglund, Jan and Tagliasacchi, Marco},
  journal={IEEE/ACM Transactions on Audio, Speech, and Language Processing},
  volume={30},
  pages={495--507},
  year={2021},
  publisher={IEEE}
}

@inproceedings{chung2021w2v,
  title={W2v-bert: Combining contrastive learning and masked language modeling for self-supervised speech pre-training},
  author={Chung, Yu-An and Zhang, Yu and Han, Wei and Chiu, Chung-Cheng and Qin, James and Pang, Ruoming and Wu, Yonghui},
  booktitle={2021 IEEE Automatic Speech Recognition and Understanding Workshop (ASRU)},
  pages={244--250},
  year={2021},
  organization={IEEE}
}

@inproceedings{hutto2014vader,
  title={Vader: A parsimonious rule-based model for sentiment analysis of social media text},
  author={Hutto, Clayton and Gilbert, Eric},
  booktitle={Proceedings of the international AAAI conference on web and social media},
  volume={8},
  number={1},
  pages={216--225},
  year={2014}
}

@article{borsos2023audiolm,
  title={Audiolm: a language modeling approach to audio generation},
  author={Borsos, Zal{\'a}n and Marinier, Rapha{\"e}l and Vincent, Damien and Kharitonov, Eugene and Pietquin, Olivier and Sharifi, Matt and Roblek, Dominik and Teboul, Olivier and Grangier, David and Tagliasacchi, Marco and others},
  journal={IEEE/ACM Transactions on Audio, Speech, and Language Processing},
  year={2023},
  publisher={IEEE}
}

@article{wang2022git,
  title={Git: A generative image-to-text transformer for vision and language},
  author={Wang, Jianfeng and Yang, Zhengyuan and Hu, Xiaowei and Li, Linjie and Lin, Kevin and Gan, Zhe and Liu, Zicheng and Liu, Ce and Wang, Lijuan},
  journal={arXiv preprint arXiv:2205.14100},
  year={2022}
}

@inproceedings{chen2008emotion,
  title={Emotion-based music visualization using photos},
  author={Chen, Chin-Han and Weng, Ming-Fang and Jeng, Shyh-Kang and Chuang, Yung-Yu},
  booktitle={Advances in Multimedia Modeling: 14th International Multimedia Modeling Conference, MMM 2008, Kyoto, Japan, January 9-11, 2008. Proceedings 14},
  pages={358--368},
  year={2008},
  organization={Springer}
}

@inproceedings{sergio2015generating,
  title={Generating music from an image},
  author={Sergio, Gwenaelle C and Mallipeddi, Rammohan and Kang, Jun-Su and Lee, Minho},
  booktitle={Proceedings of the 3rd International Conference on Human-Agent Interaction},
  pages={213--216},
  year={2015}
}

@article{kreuk2022audiogen,
  title={Audiogen: Textually guided audio generation},
  author={Kreuk, Felix and Synnaeve, Gabriel and Polyak, Adam and Singer, Uriel and D{\'e}fossez, Alexandre and Copet, Jade and Parikh, Devi and Taigman, Yaniv and Adi, Yossi},
  journal={arXiv preprint arXiv:2209.15352},
  year={2022}
}

@article{choi2016text,
  title={Text-based LSTM networks for automatic music composition},
  author={Choi, Keunwoo and Fazekas, George and Sandler, Mark},
  journal={arXiv preprint arXiv:1604.05358},
  year={2016}
}

@inproceedings{wu2008study,
  title={A study of image-based music composition},
  author={Wu, Xiaoying and Li, Ze-Nian},
  booktitle={2008 IEEE International conference on multimedia and expo},
  pages={1345--1348},
  year={2008},
  organization={IEEE}
}

@article{gajarla2015emotion,
  title={Emotion detection and sentiment analysis of images},
  author={Gajarla, Vasavi and Gupta, Aditi},
  journal={Georgia Institute of Technology},
  volume={1},
  pages={1--4},
  year={2015}
}

@article{donahue2018adversarial,
  title={Adversarial audio synthesis},
  author={Donahue, Chris and McAuley, Julian and Puckette, Miller},
  journal={arXiv preprint arXiv:1802.04208},
  year={2018}
}

@misc{flickr8k_sau,
  title={flickr8k_sau},
  howpublished={\url{https://www.kaggle.com/datasets/srbhshinde/flickr8k-sau/data}}
}