@online{startupindia,
    title = "Startup India Official Website",
    url = "https://www.startupindia.gov.in/"
}

@online{nemocare,
    title = "NemoCare Official Website",
    url = "https://nemocare.in/"
}

@online{techeagle,
    title = "Tech Eagle Official Website",
    url = "https://www.techeagle.in/"
}
